<record><leader>00000cas a2200000 a 4500</leader><controlfield tag="001">182746958</controlfield><controlfield tag="006">m     o  d        </controlfield><controlfield tag="007">cr bn|||||||||</controlfield><controlfield tag="008">071204d18981924fluwr n o     0    0eng c</controlfield><datafield ind1=" " ind2=" " tag="010"><subfield code="a">  2007264049</subfield></datafield><datafield ind1=" " ind2=" " tag="040"><subfield code="a">UPM</subfield><subfield code="b">eng</subfield><subfield code="c">UPM</subfield><subfield code="d">UPM</subfield><subfield code="d">DLC</subfield><subfield code="d">OCLCQ</subfield><subfield code="d">OCLCF</subfield><subfield code="d">OCLCQ</subfield></datafield><datafield ind1=" " ind2=" " tag="022"><subfield code="a">1940-9753</subfield><subfield code="l">1940-9753</subfield></datafield><datafield ind1=" " ind2=" " tag="042"><subfield code="a">pcc</subfield></datafield><datafield ind1=" " ind2=" " tag="043"><subfield code="a">n-us-fl</subfield></datafield><datafield ind1="0" ind2=" " tag="130"><subfield code="a">De Soto County news (Online)</subfield></datafield><datafield ind1="1" ind2="4" tag="245"><subfield code="a">The De Soto County news.</subfield></datafield><datafield ind1="1" ind2=" " tag="246"><subfield code="i">Issues for Dec. 8, 1905-&lt;June 1, 1906&gt; have title:</subfield><subfield code="a">DeSoto County news</subfield></datafield><datafield ind1=" " ind2=" " tag="260"><subfield code="a">Arcadia, Fla. :</subfield><subfield code="b">De Soto Pub. Co.</subfield></datafield><datafield ind1=" " ind2=" " tag="310"><subfield code="a">Weekly</subfield></datafield><datafield ind1=" " ind2=" " tag="336"><subfield code="a">text</subfield><subfield code="b">txt</subfield><subfield code="2">rdacontent</subfield></datafield><datafield ind1=" " ind2=" " tag="337"><subfield code="a">computer</subfield><subfield code="b">c</subfield><subfield code="2">rdamedia</subfield></datafield><datafield ind1=" " ind2=" " tag="338"><subfield code="a">online resource</subfield><subfield code="b">cr</subfield><subfield code="2">rdacarrier</subfield></datafield><datafield ind1="1" ind2=" " tag="362"><subfield code="a">Print began in 1898; ceased in 1924.</subfield></datafield><datafield ind1=" " ind2=" " tag="588"><subfield code="a">Description based on: Vol. 8, no. 47 (Aug. 11, 1905); title from PDF caption (Library of Congress Chronicling America online collection, viewed Dec. 3, 2007).</subfield></datafield><datafield ind1=" " ind2=" " tag="588"><subfield code="a">Latest issue consulted: Vol. 9, no. 14 (June 1, 1906).</subfield></datafield><datafield ind1=" " ind2="0" tag="651"><subfield code="a">Arcadia (Fla.)</subfield><subfield code="v">Newspapers.</subfield></datafield><datafield ind1=" " ind2="0" tag="651"><subfield code="a">De Soto County (Fla.)</subfield><subfield code="v">Newspapers.</subfield></datafield><datafield ind1=" " ind2="7" tag="651"><subfield code="a">Florida</subfield><subfield code="z">Arcadia.</subfield><subfield code="2">fast</subfield><subfield code="0">(OCoLC)fst01215619</subfield></datafield><datafield ind1=" " ind2="7" tag="651"><subfield code="a">Florida</subfield><subfield code="z">De Soto County.</subfield><subfield code="2">fast</subfield><subfield code="0">(OCoLC)fst01215625</subfield></datafield><datafield ind1=" " ind2="7" tag="655"><subfield code="a">Newspapers.</subfield><subfield code="2">fast</subfield><subfield code="0">(OCoLC)fst01423814</subfield></datafield><datafield ind1=" " ind2=" " tag="752"><subfield code="a">United States</subfield><subfield code="b">Florida</subfield><subfield code="c">De Soto</subfield><subfield code="d">Arcadia.</subfield></datafield><datafield ind1="0" ind2="8" tag="776"><subfield code="i">Print version:</subfield><subfield code="t">De Soto County news</subfield><subfield code="x">1940-9753</subfield><subfield code="w">(DLC)sn 95026908</subfield><subfield code="w">(OCoLC)32915582</subfield></datafield><datafield ind1="4" ind2="0" tag="856"><subfield code="u">http://www.loc.gov/chroniclingamerica/lccn/sn95026908/issues</subfield></datafield><datafield ind1=" " ind2=" " tag="936"><subfield code="a">NOTE: The U.S. ISSN Center considers the online version of this title a digital reproduction; thus, only one ISSN is needed to represent both the print and online versions. [DLC]</subfield></datafield><datafield ind1="1" ind2=" " tag="029"><subfield code="a">AU@</subfield><subfield code="b">000042518300</subfield></datafield><datafield ind1="1" ind2=" " tag="029"><subfield code="a">NZ1</subfield><subfield code="b">13540432</subfield></datafield></record>